@misc{HybridSequential,
author = {P.J. Smith, S.L. Dance and N.K. Nichols} ,
title ={ A hybrid sequential data assimilation scheme for model
state and parameter estimation  } ,
year =2/2010
}