@article{jointState,
author = {M. Bocquet and P. Sakov},
year = {2013},
month = {10},
pages = {803â€“818},
title = {Joint state and parameter estimation with an iterative ensemble Kalman smoother},
volume = {20},
booktitle = {Nonlinear Processes in Geophysics}
}